@inproceedings{privatefs,
 author = {Williams, Peter and Sion, Radu and Tomescu, Alin},
 title = {PrivateFS: A Parallel Oblivious File System},
 booktitle = {Proceedings of the 2012 ACM Conference on Computer and Communications Security},
 series = {CCS '12},
 year = {2012},
 isbn = {978-1-4503-1651-4},
 location = {Raleigh, North Carolina, USA},
 pages = {977--988},
 numpages = {12},
 url = {http://doi.acm.org/10.1145/2382196.2382299},
 doi = {10.1145/2382196.2382299},
 acmid = {2382299},
 publisher = {ACM},
 address = {New York, NY, USA},
 keywords = {access privacy, cloud computing, oblivious ram},
} 

@inproceedings{binarytreeoram,
  title={Oblivious RAM with O((logN)3) Worst-Case Cost},
  author={Elaine Shi and T.-H. Hubert Chan and Emil Stefanov and Mingfei Li},
  booktitle={ASIACRYPT},
  year={2011}
}

@inproceedings{pathoram,
 author = {Stefanov, Emil and van Dijk, Marten and Shi, Elaine and Fletcher, Christopher and Ren, Ling and Yu, Xiangyao and Devadas, Srinivas},
 title = {Path ORAM: An Extremely Simple Oblivious RAM Protocol},
 booktitle = {Proceedings of the 2013 ACM SIGSAC Conference on Computer \&\#38; Communications Security},
 series = {CCS '13},
 year = {2013},
 isbn = {978-1-4503-2477-9},
 location = {Berlin, Germany},
 pages = {299--310},
 numpages = {12},
 url = {http://doi.acm.org/10.1145/2508859.2516660},
 doi = {10.1145/2508859.2516660},
 acmid = {2516660},
 publisher = {ACM},
 address = {New York, NY, USA},
 keywords = {access pattern, oblivious ram, oram, path oram},
} 

@inproceedings {ringoram,
author = {Ling Ren and Christopher Fletcher and Albert Kwon and Emil Stefanov and Elaine Shi and Marten van Dijk and Srinivas Devadas},
title = {Constants Count: Practical Improvements to Oblivious RAM},
booktitle = {24th USENIX Security Symposium (USENIX Security 15)},
year = {2015},
month = Aug,
isbn = {978-1-931971-232},
address = {Washington, D.C.},
pages = {415--430},
url = {https://www.usenix.org/conference/usenixsecurity15/technical-sessions/presentation/ren-ling},
publisher = {USENIX Association},
}

@ARTICLE{goldreich,
    author = {Oded Goldreich and Rafail Ostrovsky},
    title = {Software Protection and Simulation on Oblivious RAMs},
    journal = {Journal of the ACM},
    year = {1996},
    volume = {43},
    pages = {431--473}
}